{
  "leader": "03276cam a2200457Ia 4500",
  "fields": [
    {
      "001": "ocm01386512\\"
    },
    {
      "003": "OCoLC"
    },
    {
      "005": "20220105122914.0"
    },
    {
      "008": "750611s1962\\\\\\\\nyuaf\\\\\\\\\\\\\\\\\\001\\0\\eng\\c"
    },
    {
      "010": {
        "ind1": "\\",
        "ind2": "\\",
        "subfields": [
          {
            "a": "   62011368 "
          }
        ]
      }
    },
    {
      "040": {
        "ind1": "\\",
        "ind2": "\\",
        "subfields": [
          {
            "a": "ORL"
          },
          {
            "b": "eng"
          },
          {
            "c": "ORL"
          },
          {
            "d": "OCL"
          },
          {
            "d": "OCLCQ"
          },
          {
            "d": "AGL"
          },
          {
            "d": "BTCTA"
          },
          {
            "d": "NZ1"
          },
          {
            "d": "DRB"
          },
          {
            "d": "NIALS"
          },
          {
            "d": "ZQP"
          },
          {
            "d": "GAP"
          },
          {
            "d": "OCLCF"
          },
          {
            "d": "OCLCQ"
          },
          {
            "d": "MAC"
          },
          {
            "d": "OCL"
          },
          {
            "d": "OCLCQ"
          },
          {
            "d": "BDP"
          }
        ]
      }
    },
    {
      "016": {
        "ind1": "7",
        "ind2": "\\",
        "subfields": [
          {
            "a": "CAT10987310"
          },
          {
            "2": "DNAL"
          }
        ]
      }
    },
    {
      "019": {
        "ind1": "\\",
        "ind2": "\\",
        "subfields": [
          {
            "a": "974409128"
          }
        ]
      }
    },
    {
      "035": {
        "ind1": "\\",
        "ind2": "\\",
        "subfields": [
          {
            "a": "(OCoLC)1386512"
          },
          {
            "z": "(OCoLC)974409128"
          }
        ]
      }
    },
    {
      "043": {
        "ind1": "\\",
        "ind2": "\\",
        "subfields": [
          {
            "a": "n-us---"
          }
        ]
      }
    },
    {
      "050": {
        "ind1": "0",
        "ind2": "0",
        "subfields": [
          {
            "a": "E835"
          },
          {
            "b": ".B43"
          }
        ]
      }
    },
    {
      "055": {
        "ind1": "\\",
        "ind2": "4",
        "subfields": [
          {
            "a": "E835 B45"
          }
        ]
      }
    },
    {
      "070": {
        "ind1": "0",
        "ind2": "\\",
        "subfields": [
          {
            "a": "281.12"
          },
          {
            "b": "B44C"
          }
        ]
      }
    },
    {
      "072": {
        "ind1": "\\",
        "ind2": "0",
        "subfields": [
          {
            "a": "E100"
          }
        ]
      }
    },
    {
      "082": {
        "ind1": "0",
        "ind2": "4",
        "subfields": [
          {
            "a": "338.1873"
          },
          {
            "b": "BEN"
          }
        ]
      }
    },
    {
      "100": {
        "ind1": "1",
        "ind2": "\\",
        "subfields": [
          {
            "a": "Benson, Ezra Taft."
          }
        ]
      }
    },
    {
      "245": {
        "ind1": "1",
        "ind2": "0",
        "subfields": [
          {
            "a": "Cross fire :"
          },
          {
            "b": "the eight years with Eisenhower /"
          },
          {
            "c": "Ezra Taft Benson."
          }
        ]
      }
    },
    {
      "250": {
        "ind1": "\\",
        "ind2": "\\",
        "subfields": [
          {
            "a": "[1st ed.]."
          }
        ]
      }
    },
    {
      "260": {
        "ind1": "\\",
        "ind2": "\\",
        "subfields": [
          {
            "a": "Garden City, N.Y. :"
          },
          {
            "b": "Doubleday,"
          },
          {
            "c": "1962."
          }
        ]
      }
    },
    {
      "300": {
        "ind1": "\\",
        "ind2": "\\",
        "subfields": [
          {
            "a": "xix, 627 pages, 14 unnumbered pages of plates :"
          },
          {
            "b": "illustrations ;"
          },
          {
            "c": "24 cm"
          }
        ]
      }
    },
    {
      "336": {
        "ind1": "\\",
        "ind2": "\\",
        "subfields": [
          {
            "a": "text"
          },
          {
            "b": "txt"
          },
          {
            "2": "rdacontent"
          }
        ]
      }
    },
    {
      "337": {
        "ind1": "\\",
        "ind2": "\\",
        "subfields": [
          {
            "a": "unmediated"
          },
          {
            "b": "n"
          },
          {
            "2": "rdamedia"
          }
        ]
      }
    },
    {
      "338": {
        "ind1": "\\",
        "ind2": "\\",
        "subfields": [
          {
            "a": "volume"
          },
          {
            "b": "nc"
          },
          {
            "2": "rdacarrier"
          }
        ]
      }
    },
    {
      "500": {
        "ind1": "\\",
        "ind2": "\\",
        "subfields": [
          {
            "a": "Includes index."
          }
        ]
      }
    },
    {
      "520": {
        "ind1": "\\",
        "ind2": "\\",
        "subfields": [
          {
            "a": "Eisenhower's Secretary of Agriculture recalls his years in the cabinet."
          }
        ]
      }
    },
    {
      "505": {
        "ind1": "0",
        "ind2": "\\",
        "subfields": [
          {
            "a": "1952: You Can't Refuse. A Farmer on the Road. Setting Up Shop I -- 1953: Setting Up Shop II. First Chorus: Pastoral, Second: Chorus: Thunderheads. Selling. Trouble at Home. Trouble in Washington. Everything Seems to Be About Patronage. Speaking Out. A Sad Drought, A Sad Death. Two Advisory Bodies. Ike Gets into the Fight. High Tide Temporarily -- 1954: Don't Make a Career of Chasing Cows. It Looks Like a Mouse. You Can Count on Me. What is Right for America. The Washington Whirlpool. A General's Advice. Who Won -- 1955 Hurricanes-Senior and Junior Grade. Trade Winds. The Quiet Months. A Problem of Plenty. The World Held Its Breath. An Offensive is Planned -- 1956: Use the Surplus to Use Up the Surplus. The Ever-normal doghouse. How to Make up Your Mid. The Bill Is Not Right. I Have Today Approved ... The 1956 Campaign. The Year of Might Have Been -- 1957: The Short, Happy Era of Good Feeling. Scenes Behind the Scenes. Around the World in -- 25 Days. Blame It On B. -- 1958: Again Every One of Them. The Cross-eyed Approach. Today's Hero--Tomorrow's Heel. Licked and Licked Bad. --: Big Budget, Big Debt, Big government. Third and Goal. Last Days of a Heroic Figure. Fussin' and Feuden'. Variety. Another Veto, Another Summer. Mr. K. Comes to Town. Agriculture Under Communism. A Church in Russia. Black Sunday to White Wednesday. -- 1960: The Last Message. The Nixon Enigma. Stymied. The Conventions. In Search of Markets, and of Friends. The 1960 Elections. A Last Trade Trip. An Administration Cleans OUt Its Desk. As for Me: The Credo of a Conservative. The Hot Seat."
          }
        ]
      }
    },
    {
      "651": {
        "ind1": "\\",
        "ind2": "0",
        "subfields": [
          {
            "a": "United States"
          },
          {
            "x": "Politics and government"
          },
          {
            "y": "1953-1961."
          }
        ]
      }
    },
    {
      "650": {
        "ind1": "\\",
        "ind2": "0",
        "subfields": [
          {
            "a": "Agriculture and state"
          },
          {
            "z": "United States."
          }
        ]
      }
    },
    {
      "650": {
        "ind1": "\\",
        "ind2": "7",
        "subfields": [
          {
            "a": "Agriculture and state."
          },
          {
            "2": "fast"
          },
          {
            "0": "(OCoLC)fst00801722"
          }
        ]
      }
    },
    {
      "650": {
        "ind1": "\\",
        "ind2": "7",
        "subfields": [
          {
            "a": "Politics and government"
          },
          {
            "2": "fast"
          },
          {
            "0": "(OCoLC)fst01919741"
          }
        ]
      }
    },
    {
      "651": {
        "ind1": "\\",
        "ind2": "7",
        "subfields": [
          {
            "a": "United States."
          },
          {
            "2": "fast"
          },
          {
            "0": "(OCoLC)fst01204155"
          }
        ]
      }
    },
    {
      "648": {
        "ind1": "\\",
        "ind2": "7",
        "subfields": [
          {
            "a": "1953-1961"
          },
          {
            "2": "fast"
          }
        ]
      }
    },
    {
      "776": {
        "ind1": "0",
        "ind2": "8",
        "subfields": [
          {
            "i": "Online version:"
          },
          {
            "a": "Benson, Ezra Taft."
          },
          {
            "t": "Cross fire."
          },
          {
            "b": "[1st ed.]."
          },
          {
            "d": "Garden City, N.Y. : Doubleday, 1962"
          },
          {
            "w": "(OCoLC)564609615"
          }
        ]
      }
    },
    {
      "994": {
        "ind1": "\\",
        "ind2": "\\",
        "subfields": [
          {
            "a": "Z0"
          },
          {
            "b": "NYRVC"
          }
        ]
      }
    },
    {
      "948": {
        "ind1": "\\",
        "ind2": "\\",
        "subfields": [
          {
            "h": "NO HOLDINGS IN NYRVC - 576 OTHER HOLDINGS"
          }
        ]
      }
    },
    {
      "999": {
        "ind1": "\\",
        "ind2": "\\",
        "subfields": [
          {
            "a": "00000000015653"
          }
        ]
      }
    }
  ]
}